@article{Gos,
author = {Goswami A.},
journal = {Proceedings of the IEEE International Conference on Robotics and Automation (Detroit, Michigan, USA)},
keywords = {},
number = {},
pages = {47--52},
title = {{Foot Rotation Indicator (FRI) point: A new gait planning tool to evaluate postural stability of biped robots}},
volume = {},
year = {1999},
}

@article{Kaj2001,
author = {Kajita S. et al.},
journal = {Proceedings IEEE Conference on Intelligent Robots and Systems (Hawaii)},
keywords = {},
number = {},
pages = {239--246},
title = {{The 3D Linear Inverted Pendulum Mode: A simple modeling for a biped walking pattern generation}},
volume = {},
year = {2001},
}

@article{Kaj2005,
author = {Kajita S. et al},
journal = {Springer Tracts in Advanced Robotics, Springer},
keywords = {},
number = {},
pages = {},
title = {{Introduction to Humanoid Robotics}},
volume = {},
year = {2005},
}

@article{Kan,
author = {Kaneko, K. et al.},
journal = {IEEE International Conference on Intelligent Robots and Systems (San Francisco, California, USA)},
keywords = {},
number = {},
pages = {4392--4399},
title = {{Hardware improvement of Cybernetic Human HRP-4C for entertainment use}},
volume = {},
year = {2011},
}

@article{Vuk,
author = {FALTA ARTICULO. Vukobratović M., Borovac B. and Potkonjak V.},
journal = {Robotica},
keywords = {},
number = {},
pages = {87--101},
title = {{Towards a unified understanding of basic notions and terms in humanoid robotics}},
volume = {25},
year = {2007},
}

@article{Vuk2004,
author = {Vukobratović M. and Borovac, B.},
journal = {International Journal of Humanoid Robotics},
keywords = {},
number = {1},
pages = {157--173},
title = {{Zero-Moment Point: Thirty five years of its life}},
volume = {1},
year = {2004},
}













































